@INPROCEEDINGS{8455985,
  author={Shah, Trusit and Venkatesan, S},
  booktitle={2018 17th IEEE International Conference On Trust, Security And Privacy In Computing And Communications/ 12th IEEE International Conference On Big Data Science And Engineering (TrustCom/BigDataSE)}, 
  title={Authentication of IoT Device and IoT Server Using Secure Vaults}, 
  year={2018},
  volume={},
  number={},
  pages={819-824},
  keywords={Servers;Authentication;Encryption;Internet of Things;Side-channel attacks;Protocols;IoT Security;IoT Device Authentication;Secure Vault},
  doi={10.1109/TrustCom/BigDataSE.2018.00117}
}

@misc{parrot_github,
    title = {CPS Project},
    author = {Marco Bernardi},
    howpublished = {\url{https://github.com/marco-bernardi/CPS_Project1}}
}

@misc{bernardi2025cps,
  author = {Marco Bernardi},
  title = {IoT Device and Server Authentication with Secure Vaults},
  year = {2025},
  month = {February},
  howpublished = {\url{https://github.com/marco-bernardi/CPS_Project2}}
}



